%% This BibTeX bibliography file was created using BibDesk.
%% http://bibdesk.sourceforge.net/

%% Created for Felipe at 2016-04-13 21:34:24 +0200 


%% Saved with string encoding Unicode (UTF-8) 



@book{Nel67,
	Author = {E. Nelson},
	Date-Added = {2016-04-13 19:30:02 +0000},
	Date-Modified = {2016-04-13 19:33:15 +0000},
	Publisher = {Princeton University Press},
	Title = {Dynamical theories of Brownian motion},
	Year = {1967}}
